@InProceedings{ mckinney-proc-scipy-2010,
  author    = { {W}es {M}c{K}inney },
  title     = { {D}ata {S}tructures for {S}tatistical {C}omputing in {P}ython },
  booktitle = { {P}roceedings of the 9th {P}ython in {S}cience {C}onference },
  pages     = { 56 - 61 },
  year      = { 2010 },
  editor    = { {S}t\'efan van der {W}alt and {J}arrod {M}illman },
  doi       = { 10.25080/Majora-92bf1922-00a }
}

@software{jeff_reback_2022_6408044,
  author       = {Jeff Reback and
                  jbrockmendel and
                  Wes McKinney and
                  Joris Van den Bossche and
                  Tom Augspurger and
                  Matthew Roeschke and
                  Simon Hawkins and
                  Phillip Cloud and
                  gfyoung and
                  Sinhrks and
                  Patrick Hoefler and
                  Adam Klein and
                  Terji Petersen and
                  Jeff Tratner and
                  Chang She and
                  William Ayd and
                  Shahar Naveh and
                  JHM Darbyshire and
                  Marc Garcia and
                  Richard Shadrach and
                  Jeremy Schendel and
                  Andy Hayden and
                  Daniel Saxton and
                  Marco Edward Gorelli and
                  Fangchen Li and
                  Matthew Zeitlin and
                  Vytautas Jancauskas and
                  Ali McMaster and
                  Torsten WÃ¶rtwein and
                  Pietro Battiston},
  title        = {pandas-dev/pandas: Pandas 1.4.2},
  month        = apr,
  year         = 2022,
  publisher    = {Zenodo},
  version      = {v1.4.2},
  doi          = {10.5281/zenodo.6408044},
  url          = {https://doi.org/10.5281/zenodo.6408044}
}
