% Manual citations here




@online{SustrikZeroMQ,
  author = {Martin SÃºstrik},
  title = {ZeroMQ},
  year = 2012,
  url = {http://aosabook.org/en/zeromq.html},
  urldate = {2018-02-16}
}
